@misc{ lib:jquery,
  author = {{The jQuery Foundation}},
  title = {{\tt jQuery}},
  year = "2013",
  url = "\url{http://www.jquery.com}",
  howpublished = "\url{http://www.jquery.com}",
  note = "[Online; Stand 2. Juni 2013]"
}

@misc{ lib:graphael,
  author = {{gRaphael}},
  title = {{\tt gRaphael}},
  year = "2013",
  url = "\url{http://g.raphaeljs.com/}",
  howpublished = "\url{http://g.raphaeljs.com/}",
  note = "[Online; Stand 2. Juni 2013]"
}

@misc{ lib:knockout,
  author = {{knockout.js}},
  title = {{\tt knockout.js}},
  year = "2013",
  url = "\url{http://knockoutjs.com/}",
  howpublished = "\url{http://knockoutjs.com/}",
  note = "[Online; Stand 3. Juni 2013]"
}
@misc{ massjung,
  author = {{Ralph Massjung}},
  title = {{Linearer Ausgleich}},
  year = "2013"
}

@misc{ wiki:ausflussgeschwindigkeit,
  author = {{Wikipedia}},
  title = {{Ausflussgeschwindigkeit --- Wikipedia{,} Die freie Enzyklopädie}},
  year = "2013",
  url = "\url{http://de.wikipedia.org/w/index.php?title=Ausflussgeschwindigkeit&oldid=118792897}",
  howpublished = "\url{http://de.wikipedia.org/w/index.php?title=Ausflussgeschwindigkeit&oldid=118792897}",
  note = "[Online; Stand 2. Juni 2013]"
}

@misc{ wiki:lineareRegression,
   author = {{Wikipedia}},
   title = {{Lineare Regression --- Wikipedia{,} Die freie Enzyklopädie}},
   year = "2013",
   url = "\url{http://de.wikipedia.org/w/index.php?title=Lineare_Regression&oldid=117433529}",
   howpublished = "\url{http://de.wikipedia.org/w/index.php?title=Lineare_Regression&oldid=117433529}",
   note = "[Online; Stand 2. Juni 2013]"
 }

@misc{ wiki:systemtheorie,
   author = {{Wikipedia}},
   title = {{Systemtheorie (Ingenieurwissenschaften) --- Wikipedia{,} Die freie Enzyklopädie}},
   year = "2013",
   url = "\url{http://de.wikipedia.org/w/index.php?title=Systemtheorie_(Ingenieurwissenschaften)&oldid=118752728}",
   howpublished = "\url{http://de.wikipedia.org/w/index.php?title=Systemtheorie_(Ingenieurwissenschaften)&oldid=118752728}",
   note = "[Online; Stand 2. Juni 2013]"
 }
 
@misc{ wiki:bogackiShampine,
   author = {{Wikipedia}},
   title = {{Bogacki–Shampine method --- Wikipedia{,} The Free Encyclopedia}},
   year = "2013",
   url = "\url{http://en.wikipedia.org/w/index.php?title=Bogacki%E2%80%93Shampine_method&oldid=551439672}",
   howpublished = "\url{http://en.wikipedia.org/w/index.php?title=Bogacki%E2%80%93Shampine_method&oldid=551439672}",
   note = "[Online; accessed 2-June-2013]"
 }
 
@misc{ wiki:householder,
   author = {{Wikipedia}},
   title = {{QR decomposition --- Wikipedia{,} The Free Encyclopedia}},
   year = "2013",
   url = "\url{http://en.wikipedia.org/w/index.php?title=QR_decomposition&oldid=550994991}",
   howpublished = "\url{http://en.wikipedia.org/w/index.php?title=QR_decomposition&oldid=550994991}",
   note = "[Online; accessed 2-June-2013]"
 }
 
 @misc{ wiki:semantik,
   author = {{Wikipedia}},
   title = {{Semantik --- Wikipedia{,} Die freie Enzyklopädie}},
   year = "2013",
   url = "\url{http://de.wikipedia.org/w/index.php?title=Semantik&oldid=116176038}",
   howpublished = "\url{http://de.wikipedia.org/w/index.php?title=Semantik&oldid=116176038}",
   note = "[Online; Stand 3. Juni 2013]"
 }
 
@BOOK{bossel,
title={{Systems and Models. Complexity, Dynamics, Evolution, Sustainability}},
author={{Hartmut Bossel}},
publisher={BoD},
year={2007},
month={4},
isbn={9783833481215},
url={http://amazon.com/o/ASIN/3833481218/},
price={$35.00},
totalpages={372},
timestamp={2013.06.03},
}